@article{hershey2024rethinking,
  title={Rethinking the Relationship between Recurrent and Non-Recurrent Neural Networks: A Study in Sparsity},
  author={Hershey, Quincy and Paffenroth, Randy and Pathak, Harsh and Tavener, Simon},
  journal={arXiv preprint arXiv:2404.00880},
  year={2024}
}

@article{Sohl-DicksteinW15,
  author       = {Jascha Sohl{-}Dickstein and
                  Eric A. Weiss and
                  Niru Maheswaranathan and
                  Surya Ganguli},
  title        = {Deep Unsupervised Learning using Nonequilibrium Thermodynamics},
  journal      = {CoRR},
  volume       = {abs/1503.03585},
  year         = {2015},
  url          = {http://arxiv.org/abs/1503.03585},
  eprinttype    = {arXiv},
  eprint       = {1503.03585},
  timestamp    = {Mon, 13 Aug 2018 16:47:30 +0200},
  biburl       = {https://dblp.org/rec/journals/corr/Sohl-DicksteinW15.bib},
  bibsource    = {dblp computer science bibliography, https://dblp.org}
}

@article{Ardizzone2019INN,
  author       = {Lynton Ardizzone and
                  Jakob Kruse and
                  Sebastian J. Wirkert and
                  Daniel Rahner and
                  Eric W. Pellegrini and
                  Ralf S. Klessen and
                  Lena Maier{-}Hein and
                  Carsten Rother and
                  Ullrich K{\"{o}}the},
  title        = {Analyzing Inverse Problems with Invertible Neural Networks},
  journal      = {CoRR},
  volume       = {abs/1808.04730},
  year         = {2018},
  url          = {http://arxiv.org/abs/1808.04730},
  eprinttype    = {arXiv},
  eprint       = {1808.04730},
  timestamp    = {Thu, 14 Oct 2021 09:15:31 +0200},
  biburl       = {https://dblp.org/rec/journals/corr/abs-1808-04730.bib},
  bibsource    = {dblp computer science bibliography, https://dblp.org}
}

@article{Ardizzone2019GIG,
  author       = {Lynton Ardizzone and
                  Carsten T. L{\"{u}}th and
                  Jakob Kruse and
                  Carsten Rother and
                  Ullrich K{\"{o}}the},
  title        = {Guided Image Generation with Conditional Invertible Neural Networks},
  journal      = {CoRR},
  volume       = {abs/1907.02392},
  year         = {2019},
  url          = {http://arxiv.org/abs/1907.02392},
  eprinttype    = {arXiv},
  eprint       = {1907.02392},
  timestamp    = {Thu, 05 Oct 2023 18:00:29 +0200},
  biburl       = {https://dblp.org/rec/journals/corr/abs-1907-02392.bib},
  bibsource    = {dblp computer science bibliography, https://dblp.org}
}

@article{Radhakrishnan2019,
  author       = {Adityanarayanan Radhakrishnan and
                  Mikhail Belkin and
                  Caroline Uhler},
  title        = {Overparameterized Neural Networks Can Implement Associative Memory},
  journal      = {CoRR},
  volume       = {abs/1909.12362},
  year         = {2019},
  url          = {http://arxiv.org/abs/1909.12362},
  eprinttype    = {arXiv},
  eprint       = {1909.12362},
  timestamp    = {Wed, 02 Oct 2019 13:04:08 +0200},
  biburl       = {https://dblp.org/rec/journals/corr/abs-1909-12362.bib},
  bibsource    = {dblp computer science bibliography, https://dblp.org}
}
@article{kundu2019k,
  title={K-tanh: Efficient tanh for deep learning},
  author={Kundu, Abhisek and Heinecke, Alex and Kalamkar, Dhiraj and Srinivasan, Sudarshan and Qin, Eric C and Mellempudi, Naveen K and Das, Dipankar and Banerjee, Kunal and Kaul, Bharat and Dubey, Pradeep},
  journal={arXiv preprint arXiv:1909.07729},
  year={2019}
}
@article{Benning_Burger_2018, title={Modern regularization methods for inverse problems}, volume={27}, DOI={10.1017/S0962492918000016}, journal={Acta Numerica}, author={Benning, Martin and Burger, Martin}, year={2018}, pages={1–111}} <div></div>
@article{calvetti2018inverse,
  title={Inverse problems: From regularization to Bayesian inference},
  author={Calvetti, Daniela and Somersalo, Erkki},
  journal={Wiley Interdisciplinary Reviews: Computational Statistics},
  volume={10},
  number={3},
  pages={e1427},
  year={2018},
  publisher={Wiley Online Library}
}

@inproceedings{ramesh2021zero,
  title={Zero-shot text-to-image generation},
  author={Ramesh, Aditya and Pavlov, Mikhail and Goh, Gabriel and Gray, Scott and Voss, Chelsea and Radford, Alec and Chen, Mark and Sutskever, Ilya},
  booktitle={International conference on machine learning},
  pages={8821--8831},
  year={2021},
  organization={Pmlr}
}

@article{ho2020denoising,
  title={Denoising diffusion probabilistic models},
  author={Ho, Jonathan and Jain, Ajay and Abbeel, Pieter},
  journal={Advances in neural information processing systems},
  volume={33},
  pages={6840--6851},
  year={2020}
}

@article{Vadakedath2022MS,
    author = {Sabitha Vadakedath and Venkataramana Kandi and Vikram Godishala and Venkata Bharat Kumar Pinnelli and Samar Sami Alkafaas and Sara Sami EIkafas},
    title = {The Principle, Types, and Applications of Mass Spectrometry: A 
Comprehensive Review},
    journal = {Biomedicine and Biotechnology},
    volume={7},
    number={1},
    year = {2022},
    pages={6-22},
    DOI = {10.12691/bb-7-1-2}
}

@article{dodds2019ion,
  title={Ion mobility spectrometry: fundamental concepts, instrumentation, applications, and the road ahead},
  author={Dodds, James N and Baker, Erin S},
  journal={Journal of the American Society for Mass Spectrometry},
  volume={30},
  number={11},
  pages={2185--2195},
  year={2019},
  publisher={ACS Publications}
}

@article{hill1990ion,
  title={Ion mobility spectrometry},
  author={Hill Jr, Herbert H and Siems, William F and St. Louis, Robert H},
  journal={Analytical Chemistry},
  volume={62},
  number={23},
  pages={1201A--1209A},
  year={1990},
  publisher={ACS Publications}
}

@article{dunham2024oracle,
  title={Oracle Embeddings for Chemical Detection},
  author={Dunham, Cate and Barger, Maria and Paffenroth, Randy and Uzarski, Josh and Tsai, Chia-Wei},
  journal={},
  volume={62},
  number={23},
  pages={1201A--1209A},
  year={1990},
  publisher={ACS Publications}
}
@inproceedings{dunham2024oracle,
  title={Oracle Embeddings for Chemical Detection},
  author={Dunham, Cate and Barger, Maria and Paffenroth, Randy and Uzarski, Josh and Tsai, Chia-Wei},
  booktitle={2024 International Conference on Machine Learning and Applications (ICMLA)},
  year={2024},
  organization={IEEE},
  note={To appear},
  url={https://conferences.computer.org/icmlapub24/pdfs/ICMLA2024-1MSqUZZS0oyBeWxCwySuYM/748800a272/748800a272.pdf}
}
@article{preuer2019frechet,
  title={Fr{\'e}chet ChemNet Distance: A metric for generative models for molecules in drug design—Supporting Information—},
  author={Preuer, Kristina and Renz, Philipp and Unterthiner, Thomas and Hochreiter, Sepp and Klambauer, G{\"u}nter},
  journal={Deep Learning in Drug Discovery},
  pages={59},
  year={2019}
}